34100000         215594050000111                    04459 000000017600 6TRACY TECNOLOGIA LTDA ME      BANCO ITAU SA                           12706201211200090000104000000                                                      000            
34100011R0100030 2015594050000111                    04459 000000017600 6TRACY TECNOLOGIA LTDA ME                                                                                      900000012706201200000000                                 
3410001300001P 0104459 000000017600 6109900000002        000009999999998     3006201200000000001000000000008A27062012000000000000000000000200000000000000000000000000000000000000000000000000000000                         3000000000000000000 
3410001300002Q 011000036644661874DAVI OLIVEIRA CAMPOS                    RUA ARLINDO CATELLI 735 AP 12           JD PALMARES    14092530RIBEIRAO PRETO SP2015594050000111TRACY TECNOLOGIA LTDA ME                000                            
3410001300003P 0104459 000000017600 6109000000010        000009999999999     0107201200000000002000000000008A27062012000000000000000000000200000000000000000000000000000000000000000000000000000000                         3000000000000000000 
3410001300004Q 011000033155515880SERGIO OLIVEIRA CAMPOS                  RUA MAESTRO JOAQUIM THOME LEITE 713     CASTELO BRANCO 14090610RIBEIRAO PRETO SP2015594050000111TRACY TECNOLOGIA LTDA ME                000                            
34100015         00000600000200000000000030000000000000000000000000000000000000000000000000000000000000000000000000                                                                                                                             
34199999         000001000008000000                                                                                                                                                                                                             
