34100000         215594050000111                    04459 000000017600 6TRACY TECNOLOGIA LTDA ME      BANCO ITAU SA                           127062012112000900002040                                                                          
34100011R0100030 2015594050000111                    04459 000000017600 6TRACY TECNOLOGIA LTDA ME                                                                                      900002012706201200000000                                 
3410001300001P 0104459 000000017600 6109999999999        000009999999999     3007201200000000001000000000008A27062012000000000000000000000200000000000000000000000000000000000000000000000000000000BOLETO DE TESTE          3000000000000000000 
3410001300002Q 011000083351622120JESUS DO CEU                            RUA AVENIDA DO CEU, 666                 JD PARAISO     60606666PARAISO DE DEUSSP0000000000000000                                        000                            
34100015         00000400000000000000000000000000000000000000000000000000000000000000000000000000000000000000000000                                                                                                                             
34199999         000001000006                                                                                                                                                                                                                   
