34100000         215594050000111                    04459 000000017600 6TRACY INFORMATICA LTDA - ME   BANCO ITAU S.A.                         202072012163848000002040                                                                          
34100011T0100030 2015594050000111                    04459 000000017600 6TRACY INFORMATICA LTDA - ME                                                                                   000000020207201202072012                                 
3410001300001T 0304459000000001760006109000000001        09999999998     30062012000000000010000000000000                         000000000000000000DAVI OLIVEIRA CAMPOS                    000000000000000000000000014000000                   
3410001300002U 030000000000000000000000000000000000000000000000000000000000000000000000000000000000000000000000000000000000000000000000000207201200000000000000000000000000000000000                              00000000000000000000000       
3410001300003T 0304459000000001760006109000000001        09999999999     01072012000000000020000000000000                         000000000000000000SERGIO OLIVEIRA CAMPOS                  000000000000000000000000014000000                   
3410001300004U 030000000000000000000000000000000000000000000000000000000000000000000000000000000000000000000000000000000000000000000000000207201200000000000000000000000000000000000                              00000000000000000000000       
3410001300005T 0204459000000001760006109000000019        09999999999     01072012000000000020000000001255                         000000000000000000SERGIO OLIVEIRA CAMPOS                  000000000000000000000035000000000                   
3410001300006U 020000000000000000000000000000000000000000000000000000000000000000000000000000000000000000000000000000000000000000000000000207201200000000000000000000000000000000000                              00000000000000000000000       
3410001300007T 0204459000000001760006109900000002        09999999998     30062012000000000010000000001255                         000000000000000000DAVI OLIVEIRA CAMPOS                    000000000000000000000035000000000                   
3410001300008U 020000000000000000000000000000000000000000000000000000000000000000000000000000000000000000000000000000000000000000000000000207201200000000000000000000000000000000000                              00000000000000000000000       
34100015         00001000000200000000000030000000000000000000000000000000000000000000000000000000000000000000000000MT03/07S                                                                                                                     
34199999         000001000012                                                                                                                                                                                                                   
